@proceedings{Joyner16,
  title = "Graders as Meta-Reviewers: Simultaneously Scaling and Improving
    Expert Evaluation for Large Online Classrooms",
  author = "Joyner, D. A. and Ashby, W. and Irish, L. and Lam, Y. and Langston,
    J. and Lupiani, I. and Lustig, M. and Pettoruto, P. and Sheahen, D. and
    Smiley, A. and Bruckman, A. and Goel",
  journal = {{\emph In} Proceedings of the Third Annual ACM Conference on Learning at Scale},
  year = 2016,
  address = {Edinburgh, Scotland},
}

@proceedings{Joyner17,
  title = "Scaling Expert Feedback: Two Case Studies",
  author = {Joyner, D. A.},
  journal = {In Proceedings of the Fourth Annual ACM Conference on Learning at Scale},
  year = 2017,
  address = {Cambridge, Massachusetts}
}

@proceedings{Joyner18a,
  author = {Joyner, D. A.},
  title = "Intelligent Evaluation and Feedback in Support of a Credit-Bearing {MOOC}",
  year = 2018,
  journal = {19th International Conference on Artificial Intelligence in Education},
  address = {London, United Kingdom},
  publisher = {Springer}
}

@proceedings{Joyner18b,
  author = {Joyner, D. A.},
  title = "Toward {CS1} at Scale: Building and Testing a {MOOC}-for-{Credit} Candidate",
  year = 2018,
  journal = {5th Annual ACM Conference on Learning at Scale},
  address = {London, United Kingdom},
  publisher = {ACM Press}
}

@proceedings{Joyner19,
  author = {Joyner, D. A.},
  title = "Building Purposeful Online Learning: Outcomes from Blending {CS1}",
  year = 2019,
  editor = "Madden, A. and Margulieux, L. and Kadel, R. and Goel, A.",
  journal = {Blended Learning in Practice},
  publisher = {MIT Press}
}

@proceedings{Newman18,
  author = {Newman, H and Joyner, D. A.},
  title = "Sentiment Analysis of Student Evaluations of Teaching",
  year = 2018,
  journal = "19th International Conference on Artificial Intelligence in Education",
  address = {London, United Kingdom},
  publisher = {Springer},
}
